<record><leader>00000cas a22000007a 4500</leader><controlfield tag="001">34140021</controlfield><controlfield tag="008">960206d193519uunyuwr ne      0    0eng d</controlfield><datafield ind1=" " ind2=" " tag="010"><subfield code="a">sn 96083562 </subfield></datafield><datafield ind1=" " ind2=" " tag="040"><subfield code="a">NYS</subfield><subfield code="b">eng</subfield><subfield code="c">NYS</subfield><subfield code="d">OCLCQ</subfield><subfield code="d">OCLCF</subfield><subfield code="d">OCLCO</subfield></datafield><datafield ind1=" " ind2=" " tag="042"><subfield code="a">msc</subfield></datafield><datafield ind1=" " ind2=" " tag="043"><subfield code="a">n-us-ny</subfield></datafield><datafield ind1="0" ind2=" " tag="130"><subfield code="a">Center Moriches record (Center Moriches, N.Y. : 1935)</subfield></datafield><datafield ind1="1" ind2="0" tag="245"><subfield code="a">Center Moriches record.</subfield></datafield><datafield ind1=" " ind2=" " tag="260"><subfield code="a">Center Moriches, N.Y. :</subfield><subfield code="b">Record Press,</subfield><subfield code="c">1935-</subfield></datafield><datafield ind1=" " ind2=" " tag="300"><subfield code="a">v.</subfield></datafield><datafield ind1=" " ind2=" " tag="310"><subfield code="a">Weekly</subfield></datafield><datafield ind1="0" ind2=" " tag="362"><subfield code="a">Vol. 35, no. 23 (Apr. 18, 1935)-</subfield></datafield><datafield ind1=" " ind2=" " tag="500"><subfield code="a">"Published weekly for the villages of the South Shore of Brookhaven Township."</subfield></datafield><datafield ind1=" " ind2="0" tag="651"><subfield code="a">Center Moriches (N.Y.)</subfield><subfield code="v">Newspapers.</subfield></datafield><datafield ind1=" " ind2="0" tag="651"><subfield code="a">Moriches (N.Y.)</subfield><subfield code="v">Newspapers.</subfield></datafield><datafield ind1=" " ind2="0" tag="651"><subfield code="a">Suffolk County (N.Y.)</subfield><subfield code="v">Newspapers.</subfield></datafield><datafield ind1=" " ind2="4" tag="651"><subfield code="a">Mastic (N.Y.)</subfield><subfield code="v">Newspapers.</subfield></datafield><datafield ind1=" " ind2="4" tag="651"><subfield code="a">Eastport (N.Y.)</subfield><subfield code="v">Newspapers.</subfield></datafield><datafield ind1=" " ind2="7" tag="655"><subfield code="a">Newspapers.</subfield><subfield code="2">fast</subfield><subfield code="0">(OCoLC)fst01423814</subfield></datafield><datafield ind1=" " ind2="7" tag="651"><subfield code="a">New York (State)</subfield><subfield code="z">Center Moriches.</subfield><subfield code="2">fast</subfield><subfield code="0">(OCoLC)fst01257864</subfield></datafield><datafield ind1=" " ind2="7" tag="651"><subfield code="a">New York (State)</subfield><subfield code="z">Moriches.</subfield><subfield code="2">fast</subfield><subfield code="0">(OCoLC)fst01256524</subfield></datafield><datafield ind1=" " ind2="7" tag="651"><subfield code="a">New York (State)</subfield><subfield code="z">Suffolk County.</subfield><subfield code="2">fast</subfield><subfield code="0">(OCoLC)fst01207260</subfield></datafield><datafield ind1=" " ind2=" " tag="752"><subfield code="a">United States</subfield><subfield code="b">New York</subfield><subfield code="c">Suffolk</subfield><subfield code="d">Center Moriches.</subfield></datafield><datafield ind1="0" ind2="0" tag="780"><subfield code="t">South Shore record (Center Moriches, N.Y.)</subfield><subfield code="w">(DLC)sn 96083561</subfield><subfield code="w">(OCoLC)34140081</subfield></datafield></record>